@article{Aubrun2019,
	doi = {10.1088/1742-6596/1256/1/012004},
	url = {https://doi.org/10.1088%2F1742-6596%2F1256%2F1%2F012004},
	year = 2019,
	month = {jul},
	publisher = {{IOP} Publishing},
	volume = {1256},
	pages = {012004},
	author = {S. Aubrun and M. Bastankhah and R.B. Cal and B. Conan and R.J. Hearst and D. Hoek and M. Hölling and M. Huang and C. Hur and B. Karlsen and I. Neunaber and M. Obligado and J. Peinke and M. Percin and L. Saetran and P. Schito and B. Schliffke and D. Sims-Williams and O. Uzol and M.K. Vinnes and A. Zasso},
	title = {Round-robin tests of porous disc models},
	journal = {Journal of Physics: Conference Series},
}


@article{Aubrun2013,
    author = {S. Aubrun and S. Loyer and P. Hancock and P. Hayden},
    year = {2013},
    month = {09},
    pages = {1-8},
    title = {Wind turbine wake properties: Comparison between a non-rotating simplified wind turbine model and a rotating model},
    volume = {120},
    journal = {Journal of Wind Engineering and Industrial Aerodynamics},
    doi = {10.1016/j.jweia.2013.06.007}
}


@article{Barthelmie2009,
    author = {R. J. Barthelmie and L. E. Jensen},
    year = {2010},
    month = {04},
    pages = {},
    title = {Evaluation of wind farm efficiency and wind turbine wakes at the Nysted offshore wind farm},
    volume = {13},
    journal = {Wind Energy},
    doi = {10.1002/we.408}
}

@article{Barthelmie2010,
    author = {R. J. Barthelmie and L. E. Jensen},
    year = {2010},
    month = {04},
    pages = {},
    title = {Evaluation of wind farm efficiency and wind turbine wakes at the Nysted offshore wind farm},
    volume = {13},
    journal = {Wind Energy},
    doi = {10.1002/we.408}
}

@article{Blackmore2013,
author = {T. Blackmore and W. Batten and G. Muller and A. Bahaj},
year = {2013},
month = {12},
pages = {},
title = {Influence of turbulence on the drag of solid discs and turbine simulators in a water current},
volume = {55},
journal = {Experiments in Fluids},
doi = {10.1007/s00348-013-1637-9}
}



@article{Bossuyt2016,
author = {J. Bossuyt and M. Howland and C. Meneveau and J. Meyers},
year = {2016},
month = {12},
pages = {},
title = {Measurement of unsteady loading and power output variability in a micro wind farm model in a wind tunnel},
volume = {58},
journal = {Experiments in Fluids},
doi = {10.1007/s00348-016-2278-6}
}

@article{Cannon1993,
author = {S. Cannon and F. Champagne and A. Glezer},
year = {1993},
month = {05},
pages = {447-450},
title = {Observations of large-scale structures in wakes behind axisymmetric bodies},
volume = {14},
journal = {Experiments in Fluids},
doi = {10.1007/BF00190199}
}

@article{Camp2016,
author = {E. Camp and R.B. Cal},
year = {2016},
month = {08},
pages = {044404},
title = {Mean kinetic energy transport and event classification in a model wind turbine array versus an array of porous disks: Energy budget and octant analysis},
volume = {1},
journal = {Physical Review Fluids},
doi = {10.1103/PhysRevFluids.1.044404}
}

@article{Camp2019,
author = {E. Camp and R.B. Cal},
year = {2019},
month = {02},
pages = {},
title = {Low-dimensional representations and anisotropy of model rotor versus porous disk wind turbine arrays},
volume = {4},
journal = {Physical Review Fluids},
doi = {10.1103/PhysRevFluids.4.024610}
}



@article{Harrison2010,
author = {M.E. Harrison and W. Batten and L. Myers and A. Bahaj},
year = {2010},
month = {12},
pages = {613 - 627},
title = {Comparison between CFD simulations and experiments for predicting the far wake of horizontal axis tidal turbines},
volume = {4},
journal = {Renewable Power Generation, IET},
doi = {10.1049/iet-rpg.2009.0193}
}

@article{LignaroloWorkshop2016,
author = {L. Lignarolo and D. Mehta and R. Stevens and A. Yilmaz and G. Kuik and S. Andersen and C. Meneveau and C. Ferreira and D. Ragni and J. Meyers and G. van Bussel and J. Holierhoek},
year = {2016},
month = {08},
pages = {510-523},
title = {Validation of four LES and a vortex model against stereo-PIV measurements in the near wake of an actuator disc and a wind turbine},
volume = {94},
journal = {Renewable Energy},
doi = {10.1016/j.renene.2016.03.070}
}

@article{Lignarolo2016,
author = {L. Lignarolo and D. Ragni and C. Ferreira and G. van Bussel},
year = {2016},
month = {03},
pages = {023301},
title = {Experimental comparison of a wind-turbine and of an actuator-disc near wake},
volume = {8},
journal = {Journal of Renewable and Sustainable Energy},
doi = {10.1063/1.4941926}
}

@article{Lignarolo2014,
author = {L. Lignarolo and D. Ragni and C. Ferreira and G. van Bussel},
year = {2014},
month = {06},
pages = {012163},
title = {Kinetic energy entrainment in wind turbine and actuator disc wakes: An experimental analysis},
volume = {524},
journal = {Journal of Physics: Conference Series},
doi = {10.1088/1742-6596/524/1/012163}
}

@article{Tossas2014,
author = {L. Martínez-Tossas and M. Churchfield and S. Leonardi},
year = {2014},
month = {04},
pages = {},
title = {Large eddy simulations of the flow past wind turbines: actuator line and disk modeling: LES of the flow past wind turbines: actuator line and disk modeling},
volume = {18},
journal = {Wind Energy},
doi = {10.1002/we.1747}
}

@article{Meyers2012,
author = {J. Meyers and C. Meneveau},
year = {2012},
month = {03},
pages = {305 - 317},
title = {Optimal turbine spacing in fully developed wind farm boundary layers},
volume = {15},
journal = {Wind Energy},
doi = {10.1002/we.469}
}

@article{Myers2010,
author = {L. Myers and A. Bahaj},
year = {2010},
month = {02},
pages = {218-227},
title = {Experimental analysis of the flow field around horizontal axis tidal turbines by use of scale mesh disk rotor simulators},
volume = {37},
journal = {Ocean Engineering},
doi = {10.1016/j.oceaneng.2009.11.004}
}

@phdthesis{Neunaber,
  author       = {I. Neunaber}, 
  title        = {Stochastic investigation of the evolutoon of small-scale turbulence in the wake of a wind turbine exposed to diffeent inflow conditions},
  school       = {Carl von Ossietzky Universitat Oldenburg},
  year         = 2018,
  month        = 11,
}

@article{Pierella2010,
author = {Pierella, Fabio and Sætran, Lars},
year = {2010},
month = {01},
pages = {},
title = {Effect of initial conditions on flow past grids of finite extension},
journal = {17th Australasian Fluid Mechanics Conference 2010}
}

@article{PorteAgel2019,
author = {F. Porté-Agel and M. Bastankhah and S. Shamsoddin},
year = {2019},
month = {09},
pages = {},
title = {Wind-Turbine and Wind-Farm Flows: A Review},
journal = {Boundary-Layer Meteorology},
doi = {10.1007/s10546-019-00473-0}
}

@article{Sforza1981,
author = {P. Sforza and P. Sheerin and M. Smorto},
year = {1981},
month = {09},
pages = {1101-1107},
title = {Three-Dimensional Wakes of Simulated Wind Turbines},
volume = {19},
journal = {Aiaa Journal - AIAA J},
doi = {10.2514/3.60049}
}

@article{Theunissen2014,
author = {R. Theunissen and P. Housley and C. Allen and C. Carey},
year = {2014},
month = {07},
pages = {},
title = {Experimental verification of computational predictions in power generation variation with layout of offshore wind farms},
volume = {18},
journal = {Wind Energy},
doi = {10.1002/we.1788}
}

@article{Theunissen2019,
author = {R. Theunissen and R. Worboys},
year = {2018},
month = {09},
pages = {},
title = {Near-Wake Observations behind Azimuthally Perforated Disks With Varying Hole Layout and Porosity in Smooth Airstreams at High Reynolds Numbers},
volume = {141},
journal = {Journal of Fluids Engineering},
doi = {10.1115/1.4041614}
}

@article{Simisiroglou2017,
author = {N. Simisiroglou and S.P. Breton and S. Ivanell},
year = {2017},
month = {11},
pages = {587-601},
title = {Validation of the actuator disc approach using small-scale model wind turbines},
volume = {2},
journal = {Wind Energy Science},
doi = {10.5194/wes-2-587-2017}
}

@article{Stevens2017,
author = {R. Stevens and C. Meneveau},
year = {2017},
month = {01},
pages = {},
title = {Flow Structure and Turbulence in Wind Farms},
volume = {49},
journal = {Annual Review of Fluid Mechanics},
doi = {10.1146/annurev-fluid-010816-060206}
}

@article{Stevens2014,
author = {R. Stevens and C. Meneveau},
year = {2014},
month = {12},
pages = {},
title = {Temporal structure of aggregate power fluctuations in large-eddy simulations of extended wind-farms},
volume = {6},
journal = {Journal of Renewable and Sustainable Energy},
doi = {10.1063/1.4885114}
}

@article{StevensAlso2014,
author = {R. Stevens and D. Gayme and C. Meneveau},
year = {2014},
month = {05},
pages = {},
title = {Large Eddy Simulation studies of the effects of alignment and wind farm length},
volume = {J. of Renewable and Sustainable Energy 6, 023105 (2014)},
journal = {Journal of Renewable and Sustainable Energy},
doi = {10.1063/1.4869568}
}

@article{Veers2019,
author = {P. Veers and K. Dykes and E. Lantz and S. Barth and C. Bottasso and O. Carlson and A. Clifton and J. Green and P. Green and H. Holttinen and D. Laird and V. Lehtomäki and J. Lundquist and J. Manwell and M. Marquis and C. Meneveau and P. Moriarty and X. Munduate and M. Muskulus and R. Wiser},
year = {2019},
month = {10},
pages = {eaau2027},
title = {Grand challenges in the science of wind energy},
journal = {Science},
doi = {10.1126/science.aau2027}
}

@article{Wu2011,
author = {Y.T. Wu and F. Porté-Agel},
year = {2011},
month = {03},
pages = {},
title = {Large-Eddy Simulation of Wind-Turbine Wakes: Evaluation of Turbine Parametrisations},
volume = {138},
journal = {Boundary-Layer Meteorology},
doi = {10.1007/s10546-010-9569-x}
}

@article{Wu2012,
author = {Y.T. Wu and F. Porté-Agel},
year = {2012},
month = {12},
pages = {5340-5362},
title = {Atmospheric Turbulence Effects on Wind-Turbine Wakes: An LES Study},
volume = {5},
journal = {Energies},
doi = {10.3390/en5125340}
}

@article{Zhang2012,
author = {W. Zhang and C. Markfort and F. Porté‐Agel},
year = {2012},
month = {05},
pages = {},
title = {Near-wake flow structure downwind of a wind turbine in a turbulent boundary layer},
volume = {52},
journal = {Experiments in Fluids},
doi = {10.1007/s00348-011-1250-8}
}


@misc{MoreWind,
    author    = "WindEurope",
    title     = "History of {Europe}'s wind industry",
    howpublished = "\url{https://windeurope.org/about-wind/history/}",
    year = {2019},
    note = "[Online; accessed 12-December-2019]"
}


@misc{StandardsOfLiving,
    author    = "J. V. C. Nye",
    title     = "Standards of living and modern economic growth",
    howpublished = "\url{https://www.econlib.org/library/Enc/StandardsofLivingandModernEconomicGrowth.html}",
    year = {2008},
    note = "[Online; accessed 12-December-2019]"
}


@misc{sustainabilityFocus,
    author    = "K. Haanaes",
    title     = "Why all businesses should embrace sustainability",
    howpublished = "\url{https://www.imd.org/research-knowledge/articles/why-all-businesses-should-embrace-sustainability/}",
    year = {2016},
    note = "[Online; accessed 12-December-2019]"
}


@misc{RenENThirty,
    author    = "International Renewable Energy Agency",
    title     = "Renewable Energy Now Accounts for a Third of Global Power Capasity",
    howpublished = "\url{https://www.irena.org/newsroom/pressreleases/2019/Apr/Renewable-Energy-Now-Accounts-for-a-Third-of-Global-Power-Capacity}",
    year = {2019},
    note = "[Online; accessed 12-December-2019]"
}

@misc{WindThirty,
    author    = "Siemens",
    title     = "The socioeconomic impacts of wind energy in the context of the energy transition",
    howpublished = "\url{https://www.siemensgamesa.com/explore/journal/socioeconomic-report-wind-energy-2019}",
    year = {2019},
    note = "[Online; accessed 12-December-2019]"
}
